
@book{Tijms,
author    = {Tijms, H.C.},
title     = {Stochastic Models: An Algorithmic Approach},
publisher = {Wiley},
year      = {1994},
pages     = {37-44},
Address   = {New York},
}
@article{Dennis,
author    = {Dennis, M. J. and Kambil, A.},
title     = {Service management:building profits after the sale},
journal   = {Supply Chain Management Review},
volume    = {7},
number    = {1},
year      = {2003},
pages     = {1211-1217}
}
@article{AlHanbali,
author = {Al Hanbali, A. and van der Heijden, M.},
title  = {Interval availability analysis of a two-echelon, multi-item system},
journal   = {European Journal of Operational Research},
volume    = {228},
number    = {3},
year      = {2013},
pages     = {494-503}
}
@article{Murthy1998,
author = {Hussain, A.Z.M.O. and Murthy, D.N.P.},
title  = {Warranty and redundancy design with uncertain quality},
journal   = {IIE Transactions},
volume    = {30},
number    = {12},
year      = {1998},
pages     = {1191-1199}
}
@article{Murthy2003,
author = {Hussain, A.Z.M.O. and Murthy, D.N.P.},
title  = {Warranty and optimal reliability improvement through product development},
journal   = {IIE Transactions},
volume    = {38},
number    = {11-13},
year      = {2003},
pages     = {1211-1217}
}
@article{Huang,
author = {Huang, H.Z. and Liu, Z.J. and Murthy, D.N.P.},
title  = {Optimal reliability, warranty and price for new products},
journal   = {IIE Transactions},
volume    = {39},
number    = {8},
year      = {2007},
pages     = {819-827}
}
@article{Oner2013,
author = {\"{O}ner, K.B. and Scheller-Wolf, A. and van Houtum, G.J.},
title  = {Redundancy optimization for critical components in high-availability technical systems},
journal   = {Operations Research},
volume    = {61},
number    = {1},
year      = {2013},
pages     = {244-264},
}
@article{Cohen2006,
author = {Cohen, M.A. and Agrawal, N. and Agrawal, V.},
title  = {Winning in the aftermarket},
journal   = {Harvard Business Review},
volume    = {84},
number    = {5},
year      = {2006},
pages     = {129-138},
}
@article{Oner2010,
author = {\"{O}ner, K.B. and Kiesm\"{u}ller, G.J. and van Houtum, G.J.},
title  = {Optimization of component reliability in the design phase of captial goods},
journal   = {European Journal of Operational Research},
volume    = {205},
number    = {3},
year      = {2010},
pages     = {615-624},
}
@article{Oliva,
author = {Oliva, R. and Kallenberg, R.},
title  = {Managing the transition from products to services},
journal   = {International Journal of Service Industry Management},
volume    = {14},
number    = {2},
year      = {2003},
pages     = {160-172},
}
@article{Kim2007,
author = {Kim, S.H. and Cohen, M.A. and Netessine, S.},
title  = {Performance Contracting in After-Sales Service Supply Chains},
journal   = {Management Science},
volume    = {53},
number    = {12},
year      = {2007},
pages     = {1843-1858},
}
@techreport{Kim2011,
author = {Kim, S.H. and Cohen, M.A. and Netessine, S.},
title  = {Reliability or Inventory? Analysis of Product Support Contracts in the Defense Industry},
institution = {Yale University},
year = {2011},
}
@conference{Oner2007,
author = {\"{O}ner, K.B. and Franssen, R. and Kiesm\"{u}ller, G.J. and van Houtum, G.J. },
title  = {Life cycle costs measurement of complex systems manufactured by an engineer-to-order company},
booktitle = {The 17th International Conference on Flexible Automation and Intelligent Manufacturing},
year      = {2007},
pages     = {1843-1858}
}
@conference{Barringer,
author = {Barringer, H.P. and Weber, D.P.},
title  = {Life cycle cost tutorial},
booktitle   = {Fifth International Conference of Process Plant Reliability},
year      = {1996},
}
@conference{Mettas,
author = {Mettas, A. and Kallenberg, R.},
title  = {Reliability allocation and optimization for complex systems},
booktitle = {Proceedings of the Annual Reliability and Maintainability Symposium},
year      = {2000},
}
@article{Jin,
author = {Jin, T. and Wang, P.},
title  = {Planning performance based contracts considering reliability and uncertain system usage},
journal   = {Journal of the Operational Research Society},
volume    = {63},
number    = {10},
year      = {2012},
pages     = {1467-1478}
}
@article{Feizollahi,
author = {Feizollahi, M.J. and Modarres, M.},
title  = {The Robust Deviation Redundancy Allocation Problem With Interval Component Reliabilities},
journal   = {IEEE Transactions on Reliability},
volume    = {61},
number    = {4},
year      = {2012},
pages     = {957-965}
}
@Manual{vanhoutum,
        author = {van Houtum, G.J. and Hoen, K.},
         title = {Single-Location, Multi-Item Inventory Models for Spare Parts},
          year = {2008},
  organization = {LNMB},
          note = {Handout for course 'Inventory Management in Supply Chains'},
}
